<?xml version="1.0" encoding="UTF-8" ?><marc:collection xmlns:marc="http://www.loc.gov/MARC21/slim" xmlns:xsi="http://www.w3.org/2001/XMLSchema-instance" xsi:schemaLocation="http://www.loc.gov/MARC21/slim http://www.loc.gov/standards/marcxml/schema/MARC21slim.xsd">
<marc:record><marc:leader>01834nam a2200385Ia 4500</marc:leader>
<marc:controlfield tag="001">b19160525</marc:controlfield>
<marc:controlfield tag="003">UaCaAUL</marc:controlfield><marc:controlfield tag="005">20111226020059.0</marc:controlfield><marc:controlfield tag="008">111226s1926    ua ab         000 0 ara d</marc:controlfield><marc:datafield tag="035" ind1=" " ind2=" "><marc:subfield code="a">(OCoLC)769350106</marc:subfield></marc:datafield><marc:datafield tag="040" ind1=" " ind2=" "><marc:subfield code="a">MEAUC</marc:subfield><marc:subfield code="c">MEAUC</marc:subfield></marc:datafield><marc:datafield tag="049" ind1=" " ind2=" "><marc:subfield code="a">MAIN</marc:subfield></marc:datafield><marc:datafield tag="066" ind1=" " ind2=" "><marc:subfield code="c">(3</marc:subfield></marc:datafield><marc:datafield tag="090" ind1=" " ind2=" "><marc:subfield code="a">D57</marc:subfield><marc:subfield code="b">.G46 1926</marc:subfield></marc:datafield><marc:datafield tag="100" ind1="1" ind2=" "><marc:subfield code="6">880-01</marc:subfield><marc:subfield code="a">Ghurbāl, Muḥammad Shafīq,</marc:subfield><marc:subfield code="d">1894-1961.</marc:subfield></marc:datafield><marc:datafield tag="245" ind1="1" ind2="0"><marc:subfield code="6">880-02</marc:subfield><marc:subfield code="a">Kitāb al-tārīkh al-qadīm :</marc:subfield><marc:subfield code="b">li-talāmīdh al-sanah al-ʼūlá al-thānawīyah : ḥasab al-manhaj al-ḥadīth /</marc:subfield><marc:subfield code="c">taʼlīf J. Idjār , Muḥammad Shafīq Ghurbāl.</marc:subfield></marc:datafield><marc:datafield tag="246" ind1="3" ind2="0"><marc:subfield code="6">880-03</marc:subfield><marc:subfield code="a">Tārīkh al-qadīm.</marc:subfield></marc:datafield><marc:datafield tag="250" ind1=" " ind2=" "><marc:subfield code="6">880-04</marc:subfield><marc:subfield code="a">al-Ṭabʻah 2.</marc:subfield></marc:datafield><marc:datafield tag="260" ind1=" " ind2=" "><marc:subfield code="6">880-05</marc:subfield><marc:subfield code="a">al-Qāhirah :</marc:subfield><marc:subfield code="b">al-Maṭbaʻah al-Ḥadīthah,</marc:subfield><marc:subfield code="c">1926.</marc:subfield></marc:datafield><marc:datafield tag="300" ind1=" " ind2=" "><marc:subfield code="a">161 p. :</marc:subfield><marc:subfield code="b">ill., maps ;</marc:subfield><marc:subfield code="c">24 cm.</marc:subfield></marc:datafield><marc:datafield tag="500" ind1=" " ind2=" "><marc:subfield code="6">880-06</marc:subfield><marc:subfield code="a">&quot;Qarrarat Wizārat al-Maʻārif al-ʻUmūmīyah tadrīs hādhā al-kitāb bi-madārisihā.&quot;</marc:subfield></marc:datafield><marc:datafield tag="504" ind1=" " ind2=" "><marc:subfield code="a">Includes bibliographical references.</marc:subfield></marc:datafield><marc:datafield tag="650" ind1=" " ind2="0"><marc:subfield code="a">History, Ancient.</marc:subfield></marc:datafield><marc:datafield tag="700" ind1="1" ind2=" "><marc:subfield code="6">880-07</marc:subfield><marc:subfield code="a">Idjār, J.</marc:subfield></marc:datafield><marc:datafield tag="880" ind1="1" ind2=" "><marc:subfield code="6">100-01/(3/r</marc:subfield><marc:subfield code="a">غربال، محمد شفيق،‪</marc:subfield><marc:subfield code="d">1894-1961.</marc:subfield></marc:datafield><marc:datafield tag="880" ind1="1" ind2="0"><marc:subfield code="6">245-02/(3/r</marc:subfield><marc:subfield code="a">كتاب التاريخ القديم :‪</marc:subfield><marc:subfield code="b">لتلاميذ السنة الأولى الثانوية : حسب المنهج الحديث /‪</marc:subfield><marc:subfield code="c">تأليف ج. ادجار ، محمد شفيق غربال..</marc:subfield></marc:datafield><marc:datafield tag="880" ind1="3" ind2="0"><marc:subfield code="6">246-03/(3/r</marc:subfield><marc:subfield code="a">تاريخ القديم.</marc:subfield></marc:datafield><marc:datafield tag="880" ind1=" " ind2=" "><marc:subfield code="6">250-04/(3/r</marc:subfield><marc:subfield code="a">الطبعة 2.</marc:subfield></marc:datafield><marc:datafield tag="880" ind1=" " ind2=" "><marc:subfield code="6">260-05/(3/r</marc:subfield><marc:subfield code="a">القاهرة :‪</marc:subfield><marc:subfield code="b">المطبعة الحديثة،‪</marc:subfield><marc:subfield code="c">1926.</marc:subfield></marc:datafield><marc:datafield tag="880" ind1=" " ind2=" "><marc:subfield code="6">500-06/(3/r</marc:subfield><marc:subfield code="a">&quot;.قررت وزارة المعارف العمومية تدريس هذا الكتاب بمدارسها&quot;.</marc:subfield></marc:datafield><marc:datafield tag="880" ind1="1" ind2=" "><marc:subfield code="6">700-01/(3/r</marc:subfield><marc:subfield code="a">ادجار، ج..</marc:subfield></marc:datafield><marc:datafield tag="907" ind1=" " ind2=" "><marc:subfield code="a">.b19160525</marc:subfield><marc:subfield code="b">main </marc:subfield></marc:datafield><marc:datafield tag="902" ind1=" " ind2=" "><marc:subfield code="a">170710</marc:subfield></marc:datafield><marc:datafield tag="998" ind1=" " ind2=" "><marc:subfield code="b">0</marc:subfield><marc:subfield code="c">111226</marc:subfield><marc:subfield code="d">m</marc:subfield><marc:subfield code="e">a</marc:subfield><marc:subfield code="f">-</marc:subfield><marc:subfield code="g">0</marc:subfield><marc:subfield code="k">MAH</marc:subfield></marc:datafield><marc:datafield tag="945" ind1=" " ind2=" "><marc:subfield code="l">main </marc:subfield></marc:datafield></marc:record>
</marc:collection>
